%% This BibTeX bibliography file was created using BibDesk.
%% http://bibdesk.sourceforge.net/

%% Created for Jordi Casas Roma at 2018-05-29 18:21:49 +0200 

%% Saved with string encoding Unicode (UTF-8) 

@article{Sweeney:2002,
	Acmid = {774552},
	Address = {River Edge, NJ, USA},
	Author = {Sweeney, Latanya},
	Date-Modified = {2011-02-01 10:41:02 +0100},
	Doi = {10.1142/S0218488502001648},
	Issn = {0218-4885},
	Issue = {5},
	Journal = {Int. J. Uncertain. Fuzziness Knowl.-Based Syst.},
	Keywords = {data anonymity, data fusion, data privacy, privacy, re-identification},
	Month = {October},
	Numpages = {14},
	Pages = {557--570},
	Publisher = {World Scientific Publishing Co., Inc.},
	Title = {k-anonymity: a model for protecting privacy},
	Url = {http://portal.acm.org/citation.cfm?id=774544.774552},
	Volume = {10},
	Year = {2002},
	Bdsk-Url-1 = {http://portal.acm.org/citation.cfm?id=774544.774552},
	Bdsk-Url-2 = {http://dx.doi.org/10.1142/S0218488502001648}}
